<?xml version='1.0' encoding='UTF-8'?>
<record xmlns="http://www.loc.gov/MARC21/slim">
  <leader>00754cam a22002175  4500</leader>
  <controlfield tag="001">2835680</controlfield>
  <controlfield tag="003">NjP</controlfield>
  <controlfield tag="005">20171019170502.0</controlfield>
  <controlfield tag="008">991206s1952    ua            000 0 ara d</controlfield>
  <datafield tag="024" ind1="7" ind2=" ">
    <subfield code="a">princeton_aco001975</subfield>
    <subfield code="2">local</subfield>
  </datafield>
  <datafield ind1=" " ind2=" " tag="035">
    <subfield code="a">(OCoLC)ocm42938045</subfield>
  </datafield>
  <datafield ind1=" " ind2=" " tag="035">
    <subfield code="9">CNR8177TS</subfield>
  </datafield>
  <datafield ind1=" " ind2=" " tag="040">
    <subfield code="a">PUL</subfield>
    <subfield code="c">PUL</subfield>
  </datafield>
  <datafield ind1="1" ind2=" " tag="100">
    <subfield code="a">Rayyis, Muḥammad Ḍiyāʾ al-Dīn.</subfield>
  </datafield>
  <datafield ind1="0" ind2="3" tag="245">
    <subfield code="a">al-Naẓarīyāt al-siyāsīyah al-Islāmīyah.</subfield>
  </datafield>
  <datafield ind1="0" ind2=" " tag="246">
    <subfield code="i">Added t.p.:</subfield>
    <subfield code="a">Islamic political theories</subfield>
  </datafield>
  <datafield ind1=" " ind2=" " tag="260">
    <subfield code="a">[Cairo]</subfield>
    <subfield code="b">Maktabat al-Anglū al-Miṣrīyah</subfield>
    <subfield code="c">[1952]</subfield>
  </datafield>
  <datafield ind1=" " ind2=" " tag="300">
    <subfield code="a">286 p.</subfield>
    <subfield code="c">24 cm.</subfield>
  </datafield>
  <datafield ind1=" " ind2=" " tag="546">
    <subfield code="a">In Arabic.</subfield>
  </datafield>
  <datafield ind1=" " ind2="0" tag="650">
    <subfield code="a">Islam and state.</subfield>
    <subfield code="0">http://id.loc.gov/authorities/subjects/sh85068426</subfield>
  </datafield>
  <datafield ind1=" " ind2=" " tag="945">
    <subfield code="a">F</subfield>
    <subfield code="b">1</subfield>
    <subfield code="c">2274.363.367.1952</subfield>
  </datafield>
  <datafield ind1=" " ind2=" " tag="911">
    <subfield code="a">20000220</subfield>
  </datafield>
  <datafield ind1="0" ind2="0" tag="852">
    <subfield code="0">3148161</subfield>
    <subfield code="b">nec</subfield>
    <subfield code="t">1</subfield>
    <subfield code="h">JC49</subfield>
    <subfield code="i">.R399 1952</subfield>
  </datafield>
  <datafield ind1=" " ind2=" " tag="959">
    <subfield code="a">2009-07-01 14:32:35 -0400</subfield>
  </datafield>
</record>
